@book{DBLP:books/daglib/0028697,
  author    = {Robert C. Martin},
  title     = {Clean Code - a Handbook of Agile Software Craftsmanship},
  publisher = {Prentice Hall},
  year      = {2009},
  url       = {http://vig.pearsoned.com/store/product/1,1207,store-12521\_isbn-0132350882,00.html},
  isbn      = {978-0-13-235088-4},
  timestamp = {Fri, 04 May 2012 01:00:00 +0200},
  biburl    = {https://dblp.org/rec/bib/books/daglib/0028697},
  bibsource = {dblp computer science bibliography, https://dblp.org}
}